<?xml version="1.0" encoding="UTF-8"?><collection xmlns="http://www.loc.gov/MARC21/slim"><record><leader>00434nam--2200145-i-4500</leader><controlfield tag="001">000015952</controlfield><controlfield tag="002">20161230</controlfield><controlfield tag="005">20170115224825</controlfield><controlfield tag="008">060222s1000------------r-----000-0-eng-d</controlfield><datafield ind1=" " ind2=" " tag="080"><subfield code="a">57.08(048.1)</subfield></datafield><datafield ind1=" " ind2=" " tag="245"><subfield code="a">Biotechnologie. Auswahl aus dem monographie bestand der Zentralbibliothek der Kernforschun Gsanlage Julich</subfield></datafield><datafield ind1=" " ind2=" " tag="260"><subfield code="a">Julich</subfield><subfield code="b">Kernforschungsanlage</subfield><subfield code="c">1987</subfield></datafield><datafield ind1=" " ind2=" " tag="300"><subfield code="a">Lolp</subfield></datafield><datafield ind1=" " ind2=" " tag="852"><subfield code="a">D.1103</subfield></datafield><datafield ind1=" " ind2=" " tag="CAT"><subfield code="a">SYS</subfield><subfield code="c">20170115</subfield><subfield code="h">224825</subfield></datafield></record></collection>